
@misc{microservice:2019,
    author = {Hydra1303},
    title = {{Arquitetura de Microsserviços (microservices) para Kubernetes}},
    year = {2019},
    publisher = {https://www.hydra1303.com/language/pt/pks-pt/arquitetura-de-microsservicos-microservices-para-kubernetes-2/},
    note = {[Online; Acessado em Março de 2019]}
}


@misc{groguru:2019,
    author = {GroGuru},
    title = {{AgTech IoT}},
    year = {2019},
    publisher = {https://www.internationalbiosolutions.com/groguru},
    note = {[Online; Acessado em Março de 2019]}
}

@misc{bpmn:2019,
    author = {Visual Paradigm},
    title = {{How to Draw BPMN 2.0 Business Process Diagram?}},
    year = {2019},
    publisher = {https://www.visual-paradigm.com/tutorials/businessprocessmodeling.jsp},
    note = {[Online; Acessado em Março de 2019]}
}

@article{SurveySymExec-CSUR:2018,
  author    = {Baldoni, Roberto and Coppa, Emilio and D'Elia, Daniele Cono and Demetrescu, Camil and Finocchi, Irene},
  title     = {{A Survey of Symbolic Execution Techniques}},
  journal   = {ACM Computing Surveys},
  volume    = {51},
  number = {3},
  articleno = {50},
  publisher = {ACM},
  year = {2018}
}

@misc{facebook50m,
    author = {Guy Rosen},
    title = {{Security Update Facebook, Inc.}},
    year = {2018},
    publisher = {https://newsroom.fb.com/news/2018/09/security-update/},
    note = {[Online; Acessado em Fevereiro de 2019]}
}

@inproceedings{Cordeiro_ecs_2011,
 title = {{SMT-Based Bounded Model Checking for Embedded {ANSI-C} Software}},
 author = {Lucas Cordeiro and Bernd Fischer and Joao Marques-Silva},
 year = {2012},
 pages = {957-974},
 publisher = {IEEE},
 booktitle = {Transactions on Software Engineering (TSE)}
}

@inproceedings{Lattner:2004,
 author = {Lattner, Chris and Adve, Vikram},
 title = {{LLVM: A Compilation Framework for Lifelong Program Analysis \& Transformation}},
 booktitle = {International Symposium on Code Generation and Optimization (CGO)},
 publisher = {IEEE},
 pages     = {75--88},
 year = {2004}
}

@inproceedings{Fandrey:2010,
    author  = {Dominic Fandrey},
    title   = "{Clang/LLVM Maturity Report}",
    bookTitle  = "{Computer Science Dept., University of Applied Sciences Karlsruhe}",
    year    = {2010},
    note    = {{See \url{ http://www.iwi.hs-karlsruhe.de}.}}
}

@misc{libfuzzer:2018,
  title = {{A library for coverage-guided fuzz testing}},
  author = {LibFuzzer},
  howpublished = {\url{https://llvm.org/docs/LibFuzzer.html}},
  note = {[Online; Acessado em Março de 2019]},
  year = {2019}
}

@inproceedings{Cadar:2008:KUA,
 author = {Cadar, Cristian and Dunbar, Daniel and Engler, Dawson},
 title = {{KLEE: Unassisted and Automatic Generation of High-Coverage Tests for Complex Systems Programs}},
 booktitle = {Symposium on Operating Systems Design and Implementation (OSDI)},
 publisher = {USENIX},
 year = {2008},
 pages = {209--224}
}